% Электронный ресурс
@book{Worldseim,
  title = {Worldsemi [{Э}лектронный ресурс]},
  note  = {URL:~\url{http://www.world-semi.com/Certifications/WS2812B.html} (Дата обращения 02.05.21). Загл. с экрана Яз. Англ.}
}

@book{alsa-project,
  title = {ALSA project  [{Э}лектронный ресурс]},
  note  = {URL:~\url{https://www.alsa-project.org/wiki/Main\_Page} (Дата обращения 02.05.21). Загл. с экрана Яз. Англ.}
}

@book{alsa-arch,
  title = {ArchLinux  [{Э}лектронный ресурс]},
  note  = {URL:~\url{https://wiki.archlinux.org/title/Advanced\_Linux\_Sound\_Architecture} (Дата обращения 03.05.21). Загл. с экрана Яз. Англ.}
}

@book{arecord,
  title = {die.net  [{Э}лектронный ресурс]},
  note  = {// \url{https://www.die.net/} -- arecord URL:~\url{https://linux.die.net/man/1/arecord} (Дата обращения 03.05.21). Загл. с экрана Яз. Англ.}
}

@book{aplay,
  title = {die.net  [{Э}лектронный ресурс]},
  note  = {// \url{https://www.die.net/} -- aplay URL:~\url{https://linux.die.net/man/1/aplay} (Дата обращения 03.05.21). Загл. с экрана Яз. Англ.}
}

@book{JS,
  title = {JavaScript [{Э}лектронный ресурс]},
  note  = {URL:~\url{https://developer.mozilla.org/ru/docs/Web/JavaScript} (Дата обращения 16.02.21). Загл. с экрана Яз. рус.}
}

@book{npm,
  title = {npm [{Э}лектронный ресурс]},
  note  = {URL:~\url{https://www.npmjs.com/} (Дата обращения 05.05.21). Загл. с экрана Яз. англ.}
}

@book{node,
  title = {NodeJS [{Э}лектронный ресурс]},
  note  = {URL:~\url{https://nodejs.org/en/} (Дата обращения 05.05.21). Загл. с экрана Яз. англ.}
}

@book{stateofjs,
  title = {State of JS [{Э}лектронный ресурс]},
  note  = {URL:~\url{https://stateofjs.com/} (Дата обращения 20.02.21). Загл. с экрана Яз. англ.}
}

@book{typescript,
  title = {TypeScript [{Э}лектронный ресурс]},
  note  = {URL:~\url{https://www.typescriptlang.org/} (Дата обращения 20.02.21). Загл. с экрана Яз. англ.}
}


@book{angular,
  title = {Angular [{Э}лектронный ресурс]},
  note  = {URL:~\url{https://angular.io/} (Дата обращения 21.02.21). Загл. с экрана Яз. англ.}
}

@book{vue,
  title = {Vue.js [{Э}лектронный ресурс]},
  note  = {URL:~\url{https://vuejs.org/} (Дата обращения 21.02.21). Загл. с экрана Яз. англ.}
}

@book{react,
  title = {React [{Э}лектронный ресурс]},
  note  = {URL:~\url{https://reactjs.org/} (Дата обращения 21.02.21). Загл. с экрана Яз. англ.}
}

@book{react-router,
  title = {REACT ROUTER [{Э}лектронный ресурс]},
  note  = {URL:~\url{https://reactrouter.com/} (Дата обращения 24.02.21). Загл. с экрана Яз. англ.}
}

@book{redux,
  title = {Redux [{Э}лектронный ресурс]},
  note  = {URL:~\url{https://redux.js.org/} (Дата обращения 24.02.21). Загл. с экрана Яз. англ.}
}

@book{mdn,
  title = {MDN Web Docs [{Э}лектронный ресурс]},
  note  = {URL:~\url{https://developer.mozilla.org/ru/docs/} (Дата обращения 02.03.21). Загл. с экрана Яз. рус.}
}

@book{frontenderMagazine,
  title = {FRONTENDER MAGAZINE [{Э}лектронный ресурс]},
  note  = {URL:~\url{https://frontender.info/} (Дата обращения 03.03.21). Загл. с экрана Яз. рус.}
}

@book{css_modules,
  title = {Github [{Э}лектронный ресурс]},
  note  = {//~\url{https://github.com/} -- css-modules URL:~\url{https://github.com/css-modules/css-modules} (Дата обращения 03.03.21). Загл. с экрана Яз. англ.}
}

@book{http_websockets,
  title = {Medium [{Э}лектронный ресурс]},
  note  = {// \url{https://medium.com/} -- HTTP and Websockets: Understanding the capabilities of today’s web communication technologies URL:~\url{https://github.com/css-modules/css-modules} (Дата обращения 07.03.21). Загл. с экрана Яз. англ.}
}

@book{rpi-site,
  title = {Raspberry Pi  [{Э}лектронный ресурс]},
  note  = {URL:~\url{https://www.raspberrypi.org/help/} (Дата обращения 04.05.21). Загл. с экрана Яз. Англ.}
}

@book{ubuntu,
  title = {Ubuntu  [{Э}лектронный ресурс]},
  note  = {URL:~\url{https://ubuntu.com/download/raspberry-pi} (Дата обращения 04.05.21). Загл. с экрана Яз. Англ.}
}

@book{risc-os,
  title = {RISC OS OPEN [{Э}лектронный ресурс]},
  note  = {URL:~\url{https://www.riscosopen.org/content/downloads/raspberry-pi} (Дата обращения 04.05.21). Загл. с экрана Яз. Англ.}
}

@book{manjaro,
  title = {Manjaro  [{Э}лектронный ресурс]},
  note  = {URL:~\url{https://manjaro.org/download/#raspberry-pi-4-minimal} (Дата обращения 04.05.21). Загл. с экрана Яз. Англ.}
}

% Статья, книга
% book{test-book,
%  author    = {test-author},
%  title     = {test-book},
%  publisher = {test-publisher},
%  address   = {test-address},
%  year      = {test-year},
%  language  = {test-language},
%  pages     = {test-pages}
%}
